<collection xmlns="http://www.loc.gov/MARC21/slim">
<record>
  <leader>00833nam0a2200205 i 450 </leader>
  <controlfield tag="001">IT\ICCU\CNCE\072968</controlfield>
  <controlfield tag="005">20150527000000.0</controlfield>
  <datafield tag="012" ind1=" " ind2=" ">
    <subfield code="a">inai o.no e.te EEQu (C) 1553 (Q)</subfield>
    <subfield code="2">fei</subfield>
  </datafield>
  <datafield tag="100" ind1=" " ind2=" ">
    <subfield code="a">20080515f15531554    0itac0103    ba</subfield>
  </datafield>
  <datafield tag="101" ind1=" " ind2=" ">
    <subfield code="a">ITA</subfield>
  </datafield>
  <datafield tag="102" ind1=" " ind2=" ">
    <subfield code="a">IT</subfield>
  </datafield>
  <datafield tag="200" ind1="1" ind2=" ">
    <subfield code="a">Giuoco de l&apos;imprese del caualier Alessio de gl&apos;Horatij</subfield>
  </datafield>
  <datafield tag="210" ind1=" " ind2=" ">
    <subfield code="d">\Tra il 1553 e il 1554!</subfield>
    <subfield code="e">In Bologna</subfield>
    <subfield code="g">per Anselmo Giaccarello &amp; Pellegrino Bonardo compagni</subfield>
  </datafield>
  <datafield tag="215" ind1=" " ind2=" ">
    <subfield code="a">\24! c.</subfield>
    <subfield code="c">1 ritr.</subfield>
    <subfield code="d">8ʻ</subfield>
  </datafield>
  <datafield tag="620" ind1=" " ind2=" ">
    <subfield code="a">IT</subfield>
    <subfield code="d">Bologna</subfield>
  </datafield>
  <datafield tag="700" ind1=" " ind2="1">
    <subfield code="a">Orazi,</subfield>
    <subfield code="b">Alessio : degli</subfield>
    <subfield code="3">IT\ICCU\CNCA\028870</subfield>
  </datafield>
  <datafield tag="712" ind1="0" ind2="0">
    <subfield code="a">Giaccarelli, Anselmo &amp; Bonardo, Pellegrino</subfield>
    <subfield code="3">IT\ICCU\CNCT\001112</subfield>
    <subfield code="4">650</subfield>
  </datafield>
  <datafield tag="790" ind1=" " ind2="1">
    <subfield code="a">Horatii,</subfield>
    <subfield code="b">Alessio : de gl&apos;</subfield>
    <subfield code="3">IT\ICCU\CNCA\029285</subfield>
    <subfield code="z">Orazi, Alessio : degli</subfield>
  </datafield>
  <datafield tag="801" ind1=" " ind2="3">
    <subfield code="a">IT</subfield>
    <subfield code="b">ICCU</subfield>
    <subfield code="c">20201115</subfield>
  </datafield>
  <datafield tag="899" ind1=" " ind2=" ">
    <subfield code="a">Biblioteca comunale dell&apos;Archiginnasio. Bologna</subfield>
    <subfield code="z">MUTILO</subfield>
    <subfield code="1">BO0304</subfield>
    <subfield code="2">UBO GA</subfield>
  </datafield>
</record>
</collection>
